<record><leader>00000cas a22000007a 4500</leader><controlfield tag="001">11796716</controlfield><controlfield tag="008">850312d19741978wiuwr ne      0    0eng d</controlfield><datafield ind1=" " ind2=" " tag="010"><subfield code="a">sn 85040353 </subfield></datafield><datafield ind1=" " ind2=" " tag="040"><subfield code="a">NPV</subfield><subfield code="b">eng</subfield><subfield code="c">NPV</subfield><subfield code="d">OCLCQ</subfield></datafield><datafield ind1=" " ind2=" " tag="042"><subfield code="a">msc</subfield></datafield><datafield ind1=" " ind2=" " tag="043"><subfield code="a">n-us-wi</subfield></datafield><datafield ind1=" " ind2=" " tag="045"><subfield code="a">x7x7</subfield></datafield><datafield ind1=" " ind2=" " tag="052"><subfield code="a">4123</subfield><subfield code="b">O5</subfield></datafield><datafield ind1="0" ind2="4" tag="245"><subfield code="a">The Northern son.</subfield></datafield><datafield ind1=" " ind2=" " tag="260"><subfield code="a">Three Lakes, Wis. :</subfield><subfield code="b">D.P. Burnside,</subfield><subfield code="c">1974-1978.</subfield></datafield><datafield ind1=" " ind2=" " tag="300"><subfield code="a">5 v. :</subfield><subfield code="b">ill.</subfield></datafield><datafield ind1=" " ind2=" " tag="310"><subfield code="a">Weekly</subfield></datafield><datafield ind1="0" ind2=" " tag="362"><subfield code="a">[Vol. 1, no. 1] (Aug. 14, 1974)-[vol. 5, no. 12] (Nov. 18, 1978).</subfield></datafield><datafield ind1=" " ind2=" " tag="500"><subfield code="a">Publisher varies.</subfield></datafield><datafield ind1=" " ind2=" " tag="500"><subfield code="a">Editors: D.P. Burnside, Aug. 14, 1974-Feb. 26, 1975, March 19, 1975-Oct. 2, 1975, Feb. 11, 1976-May 13, 1978; K. Krueger, May 20, 1978-Nov. 18, 1978.</subfield></datafield><datafield ind1=" " ind2=" " tag="515"><subfield code="a">Suspended with Oct. 2, 1975 issue; resumed with Nov. 8, 1975 issue.</subfield></datafield><datafield ind1=" " ind2=" " tag="530"><subfield code="a">Available on microfilm from The State Historical Society of Wisconsin.</subfield></datafield><datafield ind1=" " ind2=" " tag="752"><subfield code="a">United States</subfield><subfield code="b">Wisconsin</subfield><subfield code="c">Oneida</subfield><subfield code="d">Three Lakes.</subfield></datafield><datafield ind1="0" ind2="0" tag="785"><subfield code="t">Three Lakes northern son</subfield><subfield code="w">(DLC)sn 85040354</subfield></datafield><datafield ind1="1" ind2=" " tag="029"><subfield code="a">AU@</subfield><subfield code="b">000025799706</subfield></datafield></record>